%YAML 1.1
%TAG !u! tag:unity3d.com,2011:
--- !u!1 &6733018788563831198
GameObject:
  m_ObjectHideFlags: 0
  m_CorrespondingSourceObject: {fileID: 0}
  m_PrefabInstance: {fileID: 0}
  m_PrefabAsset: {fileID: 0}
  serializedVersion: 6
  m_Component:
  - component: {fileID: 1107844973436721497}
  - component: {fileID: 7699197726057860193}
  - component: {fileID: 327516567531535663}
  m_Layer: 0
  m_Name: Edive_ControlsManager
  m_TagString: Untagged
  m_Icon: {fileID: 0}
  m_NavMeshLayer: 0
  m_StaticEditorFlags: 0
  m_IsActive: 1
--- !u!4 &1107844973436721497
Transform:
  m_ObjectHideFlags: 0
  m_CorrespondingSourceObject: {fileID: 0}
  m_PrefabInstance: {fileID: 0}
  m_PrefabAsset: {fileID: 0}
  m_GameObject: {fileID: 6733018788563831198}
  serializedVersion: 2
  m_LocalRotation: {x: 0, y: 0, z: 0, w: 1}
  m_LocalPosition: {x: 0, y: 0, z: 0}
  m_LocalScale: {x: 1, y: 1, z: 1}
  m_ConstrainProportionsScale: 0
  m_Children:
  - {fileID: 8851176145492732800}
  - {fileID: 3010400258589720885}
  - {fileID: 2665389294786211049}
  m_Father: {fileID: 0}
  m_LocalEulerAnglesHint: {x: 0, y: 0, z: 0}
--- !u!114 &7699197726057860193
MonoBehaviour:
  m_ObjectHideFlags: 0
  m_CorrespondingSourceObject: {fileID: 0}
  m_PrefabInstance: {fileID: 0}
  m_PrefabAsset: {fileID: 0}
  m_GameObject: {fileID: 6733018788563831198}
  m_Enabled: 1
  m_EditorHideFlags: 0
  m_Script: {fileID: 11500000, guid: 64d67e597b908304ca484556d934b0d5, type: 3}
  m_Name: 
  m_EditorClassIdentifier: 
  EdiveSettings: {fileID: 11400000, guid: dc444ad616482654eb21d08cfbd1206a, type: 2}
  uvrn_XRManager: {fileID: 2196457221170311778}
  edive_DesktopControls: {fileID: 947374252991763343}
  audioListener: {fileID: 7124970365962218855}
--- !u!114 &327516567531535663
MonoBehaviour:
  m_ObjectHideFlags: 0
  m_CorrespondingSourceObject: {fileID: 0}
  m_PrefabInstance: {fileID: 0}
  m_PrefabAsset: {fileID: 0}
  m_GameObject: {fileID: 6733018788563831198}
  m_Enabled: 1
  m_EditorHideFlags: 0
  m_Script: {fileID: 11500000, guid: 6e4c08e96b2cd094db2bf88b0143a3f9, type: 3}
  m_Name: 
  m_EditorClassIdentifier: 
  channelType: 1
  audibleDistance: 64
  conversationalDistance: 5
  audioFadeIntensityByDistance: 5
  audioFadeModel: 1
--- !u!1 &7246391809286399269
GameObject:
  m_ObjectHideFlags: 0
  m_CorrespondingSourceObject: {fileID: 0}
  m_PrefabInstance: {fileID: 0}
  m_PrefabAsset: {fileID: 0}
  serializedVersion: 6
  m_Component:
  - component: {fileID: 2665389294786211049}
  - component: {fileID: 7124970365962218855}
  m_Layer: 0
  m_Name: TheONEAudioListener
  m_TagString: Untagged
  m_Icon: {fileID: 0}
  m_NavMeshLayer: 0
  m_StaticEditorFlags: 0
  m_IsActive: 1
--- !u!4 &2665389294786211049
Transform:
  m_ObjectHideFlags: 0
  m_CorrespondingSourceObject: {fileID: 0}
  m_PrefabInstance: {fileID: 0}
  m_PrefabAsset: {fileID: 0}
  m_GameObject: {fileID: 7246391809286399269}
  serializedVersion: 2
  m_LocalRotation: {x: 0, y: 0, z: 0, w: 1}
  m_LocalPosition: {x: 0, y: 0, z: 0}
  m_LocalScale: {x: 1, y: 1, z: 1}
  m_ConstrainProportionsScale: 0
  m_Children: []
  m_Father: {fileID: 1107844973436721497}
  m_LocalEulerAnglesHint: {x: 0, y: 0, z: 0}
--- !u!81 &7124970365962218855
AudioListener:
  m_ObjectHideFlags: 0
  m_CorrespondingSourceObject: {fileID: 0}
  m_PrefabInstance: {fileID: 0}
  m_PrefabAsset: {fileID: 0}
  m_GameObject: {fileID: 7246391809286399269}
  m_Enabled: 1
--- !u!1001 &3578872494505035670
PrefabInstance:
  m_ObjectHideFlags: 0
  serializedVersion: 2
  m_Modification:
    serializedVersion: 3
    m_TransformParent: {fileID: 1107844973436721497}
    m_Modifications:
    - target: {fileID: 1760241733022484128, guid: 4508963e506e69744ba9181bc45b66d9,
        type: 3}
      propertyPath: m_Name
      value: Edive_DesktopControls
      objectReference: {fileID: 0}
    - target: {fileID: 1760241733022484128, guid: 4508963e506e69744ba9181bc45b66d9,
        type: 3}
      propertyPath: m_IsActive
      value: 0
      objectReference: {fileID: 0}
    - target: {fileID: 1760241733022484131, guid: 4508963e506e69744ba9181bc45b66d9,
        type: 3}
      propertyPath: m_RootOrder
      value: 1
      objectReference: {fileID: 0}
    - target: {fileID: 1760241733022484131, guid: 4508963e506e69744ba9181bc45b66d9,
        type: 3}
      propertyPath: m_LocalPosition.x
      value: 0
      objectReference: {fileID: 0}
    - target: {fileID: 1760241733022484131, guid: 4508963e506e69744ba9181bc45b66d9,
        type: 3}
      propertyPath: m_LocalPosition.y
      value: 0
      objectReference: {fileID: 0}
    - target: {fileID: 1760241733022484131, guid: 4508963e506e69744ba9181bc45b66d9,
        type: 3}
      propertyPath: m_LocalPosition.z
      value: 0
      objectReference: {fileID: 0}
    - target: {fileID: 1760241733022484131, guid: 4508963e506e69744ba9181bc45b66d9,
        type: 3}
      propertyPath: m_LocalRotation.w
      value: 1
      objectReference: {fileID: 0}
    - target: {fileID: 1760241733022484131, guid: 4508963e506e69744ba9181bc45b66d9,
        type: 3}
      propertyPath: m_LocalRotation.x
      value: 0
      objectReference: {fileID: 0}
    - target: {fileID: 1760241733022484131, guid: 4508963e506e69744ba9181bc45b66d9,
        type: 3}
      propertyPath: m_LocalRotation.y
      value: 0
      objectReference: {fileID: 0}
    - target: {fileID: 1760241733022484131, guid: 4508963e506e69744ba9181bc45b66d9,
        type: 3}
      propertyPath: m_LocalRotation.z
      value: 0
      objectReference: {fileID: 0}
    - target: {fileID: 1760241733022484131, guid: 4508963e506e69744ba9181bc45b66d9,
        type: 3}
      propertyPath: m_LocalEulerAnglesHint.x
      value: 0
      objectReference: {fileID: 0}
    - target: {fileID: 1760241733022484131, guid: 4508963e506e69744ba9181bc45b66d9,
        type: 3}
      propertyPath: m_LocalEulerAnglesHint.y
      value: 0
      objectReference: {fileID: 0}
    - target: {fileID: 1760241733022484131, guid: 4508963e506e69744ba9181bc45b66d9,
        type: 3}
      propertyPath: m_LocalEulerAnglesHint.z
      value: 0
      objectReference: {fileID: 0}
    - target: {fileID: 4363717900134994969, guid: 4508963e506e69744ba9181bc45b66d9,
        type: 3}
      propertyPath: audioListenerParent
      value: 
      objectReference: {fileID: 1356154140117578543}
    m_RemovedComponents:
    - {fileID: 628821447326109224, guid: 4508963e506e69744ba9181bc45b66d9, type: 3}
    m_RemovedGameObjects: []
    m_AddedGameObjects: []
    m_AddedComponents: []
  m_SourcePrefab: {fileID: 100100000, guid: 4508963e506e69744ba9181bc45b66d9, type: 3}
--- !u!114 &947374252991763343 stripped
MonoBehaviour:
  m_CorrespondingSourceObject: {fileID: 4363717900134994969, guid: 4508963e506e69744ba9181bc45b66d9,
    type: 3}
  m_PrefabInstance: {fileID: 3578872494505035670}
  m_PrefabAsset: {fileID: 0}
  m_GameObject: {fileID: 0}
  m_Enabled: 1
  m_EditorHideFlags: 0
  m_Script: {fileID: 11500000, guid: 31ce7b97ab10c3a418b21077ef1a8617, type: 3}
  m_Name: 
  m_EditorClassIdentifier: 
--- !u!4 &1356154140117578543 stripped
Transform:
  m_CorrespondingSourceObject: {fileID: 2555989133583561913, guid: 4508963e506e69744ba9181bc45b66d9,
    type: 3}
  m_PrefabInstance: {fileID: 3578872494505035670}
  m_PrefabAsset: {fileID: 0}
--- !u!4 &3010400258589720885 stripped
Transform:
  m_CorrespondingSourceObject: {fileID: 1760241733022484131, guid: 4508963e506e69744ba9181bc45b66d9,
    type: 3}
  m_PrefabInstance: {fileID: 3578872494505035670}
  m_PrefabAsset: {fileID: 0}
--- !u!1001 &6175972580230584608
PrefabInstance:
  m_ObjectHideFlags: 0
  serializedVersion: 2
  m_Modification:
    serializedVersion: 3
    m_TransformParent: {fileID: 1107844973436721497}
    m_Modifications:
    - target: {fileID: 104427863537041783, guid: 98e2754ef4ee0564da1ca461805f0c4d,
        type: 3}
      propertyPath: m_text
      value: Running on Unity version 2020.3.19f1
      objectReference: {fileID: 0}
    - target: {fileID: 246715199584555143, guid: 98e2754ef4ee0564da1ca461805f0c4d,
        type: 3}
      propertyPath: m_text
      value: Edive version 2021.3.1b1
      objectReference: {fileID: 0}
    - target: {fileID: 492478882439621507, guid: 98e2754ef4ee0564da1ca461805f0c4d,
        type: 3}
      propertyPath: m_Name
      value: XR Origin
      objectReference: {fileID: 0}
    - target: {fileID: 551785785345474759, guid: 98e2754ef4ee0564da1ca461805f0c4d,
        type: 3}
      propertyPath: m_Layer
      value: 5
      objectReference: {fileID: 0}
    - target: {fileID: 567697224280241012, guid: 98e2754ef4ee0564da1ca461805f0c4d,
        type: 3}
      propertyPath: m_XROrigin
      value: 
      objectReference: {fileID: 6948947988577087701}
    - target: {fileID: 706905333034011449, guid: 98e2754ef4ee0564da1ca461805f0c4d,
        type: 3}
      propertyPath: m_Layer
      value: 5
      objectReference: {fileID: 0}
    - target: {fileID: 1304624357815597192, guid: 98e2754ef4ee0564da1ca461805f0c4d,
        type: 3}
      propertyPath: m_Text
      value: eDIVE-TEST version 1.0
      objectReference: {fileID: 0}
    - target: {fileID: 1699952856765793246, guid: 98e2754ef4ee0564da1ca461805f0c4d,
        type: 3}
      propertyPath: m_Layer
      value: 5
      objectReference: {fileID: 0}
    - target: {fileID: 2001287796087982287, guid: 98e2754ef4ee0564da1ca461805f0c4d,
        type: 3}
      propertyPath: m_Text
      value: Villa version 2022.2.8b6
      objectReference: {fileID: 0}
    - target: {fileID: 2958296789473202733, guid: 98e2754ef4ee0564da1ca461805f0c4d,
        type: 3}
      propertyPath: m_Name
      value: Edive_XRManager
      objectReference: {fileID: 0}
    - target: {fileID: 2958296789473202733, guid: 98e2754ef4ee0564da1ca461805f0c4d,
        type: 3}
      propertyPath: m_IsActive
      value: 1
      objectReference: {fileID: 0}
    - target: {fileID: 4853608011454492807, guid: 98e2754ef4ee0564da1ca461805f0c4d,
        type: 3}
      propertyPath: m_Layer
      value: 5
      objectReference: {fileID: 0}
    - target: {fileID: 5462325816081836866, guid: 98e2754ef4ee0564da1ca461805f0c4d,
        type: 3}
      propertyPath: dontDestroyOnLoad
      value: 0
      objectReference: {fileID: 0}
    - target: {fileID: 5462325816081836866, guid: 98e2754ef4ee0564da1ca461805f0c4d,
        type: 3}
      propertyPath: audioListenerParent
      value: 
      objectReference: {fileID: 8365570127181440499}
    - target: {fileID: 5679655949732646455, guid: 98e2754ef4ee0564da1ca461805f0c4d,
        type: 3}
      propertyPath: m_RootOrder
      value: 0
      objectReference: {fileID: 0}
    - target: {fileID: 5679655949732646455, guid: 98e2754ef4ee0564da1ca461805f0c4d,
        type: 3}
      propertyPath: m_LocalPosition.x
      value: 0
      objectReference: {fileID: 0}
    - target: {fileID: 5679655949732646455, guid: 98e2754ef4ee0564da1ca461805f0c4d,
        type: 3}
      propertyPath: m_LocalPosition.y
      value: 0
      objectReference: {fileID: 0}
    - target: {fileID: 5679655949732646455, guid: 98e2754ef4ee0564da1ca461805f0c4d,
        type: 3}
      propertyPath: m_LocalPosition.z
      value: 0
      objectReference: {fileID: 0}
    - target: {fileID: 5679655949732646455, guid: 98e2754ef4ee0564da1ca461805f0c4d,
        type: 3}
      propertyPath: m_LocalRotation.w
      value: 1
      objectReference: {fileID: 0}
    - target: {fileID: 5679655949732646455, guid: 98e2754ef4ee0564da1ca461805f0c4d,
        type: 3}
      propertyPath: m_LocalRotation.x
      value: -0
      objectReference: {fileID: 0}
    - target: {fileID: 5679655949732646455, guid: 98e2754ef4ee0564da1ca461805f0c4d,
        type: 3}
      propertyPath: m_LocalRotation.y
      value: -0
      objectReference: {fileID: 0}
    - target: {fileID: 5679655949732646455, guid: 98e2754ef4ee0564da1ca461805f0c4d,
        type: 3}
      propertyPath: m_LocalRotation.z
      value: -0
      objectReference: {fileID: 0}
    - target: {fileID: 5679655949732646455, guid: 98e2754ef4ee0564da1ca461805f0c4d,
        type: 3}
      propertyPath: m_LocalEulerAnglesHint.x
      value: 0
      objectReference: {fileID: 0}
    - target: {fileID: 5679655949732646455, guid: 98e2754ef4ee0564da1ca461805f0c4d,
        type: 3}
      propertyPath: m_LocalEulerAnglesHint.y
      value: 0
      objectReference: {fileID: 0}
    - target: {fileID: 5679655949732646455, guid: 98e2754ef4ee0564da1ca461805f0c4d,
        type: 3}
      propertyPath: m_LocalEulerAnglesHint.z
      value: 0
      objectReference: {fileID: 0}
    - target: {fileID: 5844462110236596033, guid: 98e2754ef4ee0564da1ca461805f0c4d,
        type: 3}
      propertyPath: m_Layer
      value: 5
      objectReference: {fileID: 0}
    - target: {fileID: 5986137039460020080, guid: 98e2754ef4ee0564da1ca461805f0c4d,
        type: 3}
      propertyPath: m_fontAsset
      value: 
      objectReference: {fileID: 11400000, guid: 8f586378b4e144a9851e7b34d9b748ee,
        type: 2}
    - target: {fileID: 6021327923991012305, guid: 98e2754ef4ee0564da1ca461805f0c4d,
        type: 3}
      propertyPath: m_AssetId
      value: 
      objectReference: {fileID: 0}
    - target: {fileID: 6271898448067593372, guid: 98e2754ef4ee0564da1ca461805f0c4d,
        type: 3}
      propertyPath: m_Layer
      value: 5
      objectReference: {fileID: 0}
    - target: {fileID: 6459131171553445067, guid: 98e2754ef4ee0564da1ca461805f0c4d,
        type: 3}
      propertyPath: m_text
      value: Villa version 2021.3.54b3
      objectReference: {fileID: 0}
    - target: {fileID: 6543716783681904436, guid: 98e2754ef4ee0564da1ca461805f0c4d,
        type: 3}
      propertyPath: m_Layer
      value: 5
      objectReference: {fileID: 0}
    - target: {fileID: 6610425706318042427, guid: 98e2754ef4ee0564da1ca461805f0c4d,
        type: 3}
      propertyPath: m_text
      value: Running on Unity version 2020.3.14f1
      objectReference: {fileID: 0}
    - target: {fileID: 6694620733921097608, guid: 98e2754ef4ee0564da1ca461805f0c4d,
        type: 3}
      propertyPath: m_AssetId
      value: 
      objectReference: {fileID: 0}
    - target: {fileID: 7272741638413572633, guid: 98e2754ef4ee0564da1ca461805f0c4d,
        type: 3}
      propertyPath: m_fontAsset
      value: 
      objectReference: {fileID: 11400000, guid: 8f586378b4e144a9851e7b34d9b748ee,
        type: 2}
    - target: {fileID: 7552729876986369632, guid: 98e2754ef4ee0564da1ca461805f0c4d,
        type: 3}
      propertyPath: m_Layer
      value: 5
      objectReference: {fileID: 0}
    - target: {fileID: 7552729877384836350, guid: 98e2754ef4ee0564da1ca461805f0c4d,
        type: 3}
      propertyPath: m_Layer
      value: 5
      objectReference: {fileID: 0}
    - target: {fileID: 7552729878495307610, guid: 98e2754ef4ee0564da1ca461805f0c4d,
        type: 3}
      propertyPath: m_Layer
      value: 5
      objectReference: {fileID: 0}
    - target: {fileID: 7552729878586581175, guid: 98e2754ef4ee0564da1ca461805f0c4d,
        type: 3}
      propertyPath: m_Layer
      value: 5
      objectReference: {fileID: 0}
    - target: {fileID: 8971618385060795201, guid: 98e2754ef4ee0564da1ca461805f0c4d,
        type: 3}
      propertyPath: m_Layer
      value: 5
      objectReference: {fileID: 0}
    - target: {fileID: 8971618385103770796, guid: 98e2754ef4ee0564da1ca461805f0c4d,
        type: 3}
      propertyPath: m_Layer
      value: 5
      objectReference: {fileID: 0}
    - target: {fileID: 8971618385692992123, guid: 98e2754ef4ee0564da1ca461805f0c4d,
        type: 3}
      propertyPath: m_Layer
      value: 5
      objectReference: {fileID: 0}
    - target: {fileID: 8971618386099831013, guid: 98e2754ef4ee0564da1ca461805f0c4d,
        type: 3}
      propertyPath: m_Layer
      value: 5
      objectReference: {fileID: 0}
    m_RemovedComponents:
    - {fileID: 1036145101703194400, guid: 98e2754ef4ee0564da1ca461805f0c4d, type: 3}
    m_RemovedGameObjects: []
    m_AddedGameObjects: []
    m_AddedComponents:
    - targetCorrespondingSourceObject: {fileID: 492478882439621507, guid: 98e2754ef4ee0564da1ca461805f0c4d,
        type: 3}
      insertIndex: -1
      addedObject: {fileID: 6948947988577087701}
  m_SourcePrefab: {fileID: 100100000, guid: 98e2754ef4ee0564da1ca461805f0c4d, type: 3}
--- !u!114 &2196457221170311778 stripped
MonoBehaviour:
  m_CorrespondingSourceObject: {fileID: 5462325816081836866, guid: 98e2754ef4ee0564da1ca461805f0c4d,
    type: 3}
  m_PrefabInstance: {fileID: 6175972580230584608}
  m_PrefabAsset: {fileID: 0}
  m_GameObject: {fileID: 0}
  m_Enabled: 1
  m_EditorHideFlags: 0
  m_Script: {fileID: 11500000, guid: 053380d241869ae42af536fd45bf4a15, type: 3}
  m_Name: 
  m_EditorClassIdentifier: 
--- !u!1 &6008035790255534755 stripped
GameObject:
  m_CorrespondingSourceObject: {fileID: 492478882439621507, guid: 98e2754ef4ee0564da1ca461805f0c4d,
    type: 3}
  m_PrefabInstance: {fileID: 6175972580230584608}
  m_PrefabAsset: {fileID: 0}
--- !u!114 &6948947988577087701
MonoBehaviour:
  m_ObjectHideFlags: 0
  m_CorrespondingSourceObject: {fileID: 0}
  m_PrefabInstance: {fileID: 0}
  m_PrefabAsset: {fileID: 0}
  m_GameObject: {fileID: 6008035790255534755}
  m_Enabled: 1
  m_EditorHideFlags: 0
  m_Script: {fileID: 11500000, guid: e0cb9aa70a22847b5925ee5f067c10a9, type: 3}
  m_Name: 
  m_EditorClassIdentifier: 
  m_Camera: {fileID: 8865302486415500430}
  m_OriginBaseGameObject: {fileID: 6008035790255534755}
  m_CameraFloorOffsetObject: {fileID: 6552724287286163751}
  m_RequestedTrackingOriginMode: 2
  m_CameraYOffset: 1.1176
--- !u!1 &6552724287286163751 stripped
GameObject:
  m_CorrespondingSourceObject: {fileID: 1106339949150887943, guid: 98e2754ef4ee0564da1ca461805f0c4d,
    type: 3}
  m_PrefabInstance: {fileID: 6175972580230584608}
  m_PrefabAsset: {fileID: 0}
--- !u!4 &8365570127181440499 stripped
Transform:
  m_CorrespondingSourceObject: {fileID: 2426613238456564947, guid: 98e2754ef4ee0564da1ca461805f0c4d,
    type: 3}
  m_PrefabInstance: {fileID: 6175972580230584608}
  m_PrefabAsset: {fileID: 0}
--- !u!4 &8851176145492732800 stripped
Transform:
  m_CorrespondingSourceObject: {fileID: 3413947973324976800, guid: 98e2754ef4ee0564da1ca461805f0c4d,
    type: 3}
  m_PrefabInstance: {fileID: 6175972580230584608}
  m_PrefabAsset: {fileID: 0}
--- !u!20 &8865302486415500430 stripped
Camera:
  m_CorrespondingSourceObject: {fileID: 3364918941835902382, guid: 98e2754ef4ee0564da1ca461805f0c4d,
    type: 3}
  m_PrefabInstance: {fileID: 6175972580230584608}
  m_PrefabAsset: {fileID: 0}
